<?xml version="1.0" encoding="UTF-8"?><record xmlns="http://www.loc.gov/MARC21/slim" xmlns:cinclude="http://apache.org/cocoon/include/1.0" xmlns:zs="http://www.loc.gov/zing/srw/">
  <leader>00831cz  a2200169n  4500</leader>
  <controlfield tag="001">nr 91028446 </controlfield>
  <controlfield tag="003">DLC</controlfield>
  <controlfield tag="005">20081022081917.0</controlfield>
  <controlfield tag="008">910808n| acannaabn          |b ana      </controlfield>
  <datafield tag="010" ind1=" " ind2=" ">
    <subfield code="a">nr 91028446 </subfield>
  </datafield>
  <datafield tag="035" ind1=" " ind2=" ">
    <subfield code="a">(OCoLC)oca03013936</subfield>
  </datafield>
  <datafield tag="040" ind1=" " ind2=" ">
    <subfield code="a">DLC-R</subfield>
    <subfield code="b">eng</subfield>
    <subfield code="c">DLC-R</subfield>
    <subfield code="d">OCoLC</subfield>
  </datafield>
  <datafield tag="110" ind1="2" ind2=" ">
    <subfield code="a">Rōdōryoku Kyōkyū Kōzō no Henka ni Taiōshita Koyō Seisaku no Arikata ni Kansuru Kenkyūkai</subfield>
  </datafield>
  <datafield tag="410" ind1="2" ind2=" ">
    <subfield code="a">労働力供給構造の変化に対応した雇用政策のあり方に関する研究会</subfield>
  </datafield>
  <datafield tag="667" ind1=" " ind2=" ">
    <subfield code="a">Machine-derived non-Latin script reference project.</subfield>
  </datafield>
  <datafield tag="667" ind1=" " ind2=" ">
    <subfield code="a">Non-Latin script reference not evaluated.</subfield>
  </datafield>
  <datafield tag="670" ind1=" " ind2=" ">
    <subfield code="a">21-seiki o tenbōshita ningen chūshin no koyō shisutemu no jitsugen ni mukete, 1991:</subfield>
    <subfield code="b">t.p. (Rōdōryoku Kyōkyū Kōzō no Henka ni Taiōshita Koyō Seisaku no Arikata ni Kansuru Kenkyūkai)</subfield>
  </datafield>
</record>